@article{zzCT2015,
  title={使用Github实现高效的团队协作开发},
  author={张智 and 郑卉 and 蒋依伶 and 袁欢欢 and 郑明清},
  journal={电脑知识与技术：学术版},
  number={3},
  pages={3},
  year={2015},
}
